@Preamble{"\eject\addcontentsline{toc}{chapter}{\bibname}"}
%CMU-CS-96-143.ps
@PhdThesis{Ravishankar,
  author = 	 {Mosur K. Ravishankar},
  title = 	 {Efficient Algorithms for Speech Recognition},
  school = 	 {Carnegie Mellon University},
  year = 	 1996
}

%oflazer96errortolerant
@article{Oflazer,
  author =       {Kemal Oflazer},
  title =        {Error-tolerant Finite-state Recognition with Applications to
                  Morphological Analysis and Spelling Correction},
  journal =      "CL",
  volume =       22,
  number =       1,
  pages =        {73-89},
  year =         1996,
  url =          {http://www.aclweb.org/anthology/J96-1003.pdf}
}

%Ha-03.pdf
@Article{LAH,
  author = 	 {Le An Ha},
  title = 	 {A method for word segmentation in Vietnamese},
  journal = 	 {},
  year = 	 {}
}

%a-new-approach-for.ps
@Article{Chang,
   title =        "A New Approach for Automatic Chinese Spelling
                  Correction",
   author =       "Chao-Huang Chang",
   year =         "1998",
   month =        mar # "~01",
}

%J96-3004.pdf
@article{Sproat,
  author =       {Richard W Sproat and Chilin Shih and William Gale and Nancy Chang},
  title =        {A Stochastic Finite-State Word-Segmentation Algorithm for
                  {Chinese}},
  journal =      "CL",
  volume =       22,
  number =       3,
  pages =        {377-404},
  year =         1996,
  url =          {http://www.aclweb.org/anthology/J96-3004.pdf}
}


@Article{Chunyu,
  author = 	 {Chunyu Kit and Zhiming Xu and Jonathan J.Webster},
  title = 	 {Integrating Ngram Model and Case-based Learning For Chinese Word Segmentation},
  journal = 	 {},
  year = 	 {},
}

%mlwordsigir.ps
@Article{softcount,
   title =        "Discovering Chinese Words from Unsegmented Text",
   author =       "A Pratt and Padhraic Smyth and Xianping Ge",
   year =         "1999",
   month =        aug # "~22",
}

%icassp00.pdf
@Article{text-tiling,
   author =       "Hai-Feng Wang and Jianfeng Gao and Kai-Fu Lee and
                  Mingjing Li Li",
   title =        "A unified approach to statistical language modeling
                  for Chinese",
   institution =  "Microsoft Research (MSR)",
   year =         "2000",
   month =        jun,
}

%paper2.pdf
@Article{,
  author = 	 {Nianwen Xue},
  title = 	 {Chinese Word Segmentation as Character Tagging},
  journal = 	 {},
  year = 	 {},
}

%IDA01.pdf
@Article{self-supervised,
   author =       "Fuchun Peng and Dale Schuurmans",
   title =        "Self-Supervised {Chinese} Word Segmentation",
   journal =      "Lecture Notes in Computer Science",
   volume =       "2189",
   pages =        "238--??",
   year =         "2001",
   CODEN =        "LNCSD9",
   ISSN =         "0302-9743",
   bibdate =      "Sat Feb 2 13:06:32 MST 2002",
}

@Article{soundex,
  author = 	 {K. Kukich},
  title = 	 {Techniques for Automatically Correcting Words in Text},
  journal = 	 {ACM Computing Surveys},
  year = 	 {1992},
}



@Article{Damerau,
  author = 	 {F. J. Damerau},
  title = 	 {A technique for computer detection and correction of
                  spelling errors.},
  journal = 	 {Communications of the Association for Computing Machinery},
  year = 	 1964,
  volume = 	 7,
  number = 	 3,
  pages = 	 {171-176},
}

%lucchesi92applications.ps.gz
@TechReport{LuKo91,
   author =       "C. L. Lucchesi and T. Kowaltowski",
   title =        "Applications of finite automata representing large
                  vocabularies",
   institution =  "Instituto de Matem{\'a}tica, Universidade Estadual de
                  Campinas",
   year =         "1991",
   type =         "Relat{\'o}rio T{\'e}cnico",
   number =       "9/91",
   address =      "S{\~a}o Paulo, Brasil",
   owner =        "zimmerma",
   keywords =     "spell",
}


@Article{oai:CiteSeerPSU:222471,
   title =        "Segmenting Korean Compound Nouns using Statistical
                  Information and a Preference Rule",
   author =       "Bo-hyun Yun and Hae-chang Rim and Min-jeung Cho",
   year =         "1970",
   month =        jan # "~01",
}

@Comment \bibitem{phonetex}. {\em
@Comment   }
%an-evaluation-of-phonetic.ps.gz
@Article{phonetex,
   title =        "An Evaluation of Phonetic Spell Checkers",
   author =       "Jim Austin and Victoria J. Hodge and Yo Dd",
   year =         "2001",
   month =        nov # "~21",
}

@Comment \bibitem{}Bo-Hyun Yun, Min-Jeung Cho, Hae-Chang Rim. {\em Segmenting Korean
@Comment   Compound Nouns using Statistical Information and a Preference
@Comment   Rule. }%PACLING97.ps
@Comment \bibitem{}Roger I. W. Spooner and Alistair D. N. Edwards. {\em User
@Comment   Modelling for Error Recovery: A Spelling Checker for Dyslexic
@Comment   Users}%spooner97user.ps.gz
@Comment \bibitem{}Theppitak Karoonboonyanan, Virach Sornlertlamvanich,
@Comment   Surapant Meknavin. {\em A Thai Soundex System for Spelling Correction.}%tsdx.ps.gz
@Comment \bibitem{}Justin Zobel and Philip Dart. {\em Finding Approximate Matches in
@Comment   Large Lexicons.}%zobel95finding.ps.gz
@Comment \bibitem{}Sun Maosong, Shen Dayang, Huang Changning. {\em CSeg\&Tag1.0: A
@Comment   Practical Word Segmenter and POS Tagger for Chinese Texts.}%A97-1018.pdf
@Comment \bibitem{wordseg}Đinh Điền, Hoàng Kiếm, Nguyễn Văn Toàn. {\em Vietnamese Word
@Comment   Segmentation.}%0047-02.pdf
@Comment \bibitem{}Bidyut Baran Chaudhuri. {\em Reversed word dictionary and
@Comment   phonetically similar word grouping based spell-checker to Bangla
@Comment   text.}%bangla.pdf
@Comment \bibitem{}Timothy Gambell, Charles D. Yang. {\em Scope and Limits of
@Comment   Statistical Learning in Word Segmentation.}%gambell_yang.pdf
@comment Mostly unsupervised statistical segmentation of japananese: applications to kainji %segment.pdf

%ICCC-2001.pdf
@Article{iccc,
   author =       "Andi Wu and George Heidorn and Zixin Jiang and Terence
                  Peng",
   title =        "Correction of Erroneous Characters in Chinese Sentence
                  Analysis",
   institution =  "Microsoft Research (MSR)",
   publisher =    "Chinese and Oriental Language Information Processing
                  Society",
   year =         "2001",
   month =        dec,
}

@Comment \bibitem{}Fuchun Peng, Xiangji Huang, Dale Schuurmans, Shaojun
@Comment   Wang. {\em Text Clasification in Asian Languages without Word
@Comment   Segmentation.}%IRAL2003.pdf
@Comment \bibitem{}Yalin Wang, Ihsin T. Phillips, Robert
@Comment   Haralick. {\em Statistical-based Approach to Word Segmentation.}%wordicpr.pdf
@Comment \bibitem{}{\em Combining Syntactical And Statistical Language Constraints
@Comment   in Context-dependent Language Models for Interactive Speech
@Comment   Applications.}%K026.pdf



@Book{LoiChinhTa,
  author =	 {TS. Lê Trung Hoa},
  title = 	 {Lỗi chính tả và cách khắc phục},
  publisher = 	 {NXB Khoa học Xã hội},
  year = 	 2002
}



@Book{,
  author =	 {PGS. Hồ Lê and TS. Trần Thị Ngọc Lang and Tô Đình Nghĩa},
  title = 	 {Lỗi từ vựng và cách khắc phục},
  publisher = 	 {NXB Khoa học Xã hội},
  year = 	 2002,
}

@Article{Tuoi,
  author = 	 {PTS. Phan Thị Tươi and KS. Nguyễn Hứa Phùng and
                  KS. Huỳnh Vụ Như Liên and KS. Phạm Quyết Thắng},
  title = 	 {Bắt lỗi chính tả tự động cho tiếng Việt bằng máy tính},
  journal = 	 {},
  year = 	 {1998},
}

@Article{worddef,
  author = 	 {Đinh Điền},
  title = 	 {Từ tiếng Việt},
  year = 	 2000,
  institution =  "VNU-HCMC"
}

@Article{Golding95,
  author = 	 {Andrew R. Golding},
  title = 	 {A Bayesian hybrid method for context-sensitive spelling correction},
  journal = 	 {Proceedings of the Third Workshop on Very Large Corpora},
  year = 	 {1995},
  pages = 	 {39-53},
}



@Article{Golding99,
  author = 	 {Andrew R. Golding and Dan Roth},
  title = 	 {A Winnow-based approach to context-sensitive correction},
  journal = 	 {Machine Learning, Special issue on Machine Learning and Natural Language Processing},
  year = 	 1999,
  volume = 	 34,
  pages = 	 {107-130}
}



@Article{Golding96,
  author = 	 {Andrew R. Golding and Yves Schabes},
  title = 	 {Combining trigram-based and feature-based methods for context-sensitive spelling correction},
  journal = 	 {Proceedings of the 34th Annual Meeting of the Association for Computational Linguistics},
  year = 	 1996
}

@Article{McIlroy,
  author = 	 {M. Douglas McIlroy},
  title = 	 {Development of a spelling list},
  journal = 	 {IEEE Transactions on Communications},
  year = 	 1982,
  volume =	 {COM-30},
  number =	 {1.1},
  pages =	 {91-99}
}

@Article{Peterson,
  author = 	 {James Lyle Peterson},
  title = 	 {Computer programs for detecting and correcting spelling errors},
  journal = 	 {Communications of the Association of Computing Machinery},
  year = 	 1980,
  volume =	 23,
  number =	 12,
  pages =	 {676-687}
}

@Article{Agirre,
  author = 	 {Eneko Agirre and Koldo Gojenola and Kepa Sarasola
                  and Atro Voutilainen},
  title = 	 {Towards a single proposal in spelling correction},
  journal = 	 {COLING-ACL '98, 36th Annual Meeting of the
                  Association for Computational Linguistics and 17th
                  International Conference on Computational Linguistics},
  year = 	 1998,
  pages =	 {463-463}
}

@Book{Petersonb,
   author =       "James Lyle Peterson",
   title =        "Computer Programs For Spelling Correction",
   publisher =    "Spring{\-}er-Ver{\-}lag, Inc.",
   address =      "Berlin, Germany~/ Heidelberg, Germany~/ London, UK~/
                  etc.",
   pages =        "vi + 213",
   year =         "1980",
   ISBN =         "3-540-10259-0",
   LCCN =         "QA76.6 .P474",
   bibdate =      "Tue Jul 26 10:30:05 1994",
}

@Article{Rada,
  author = 	 {R. Rada and H. Mili and E. Bicknell and M. Blettner},
  title = 	 {Development an Application of a Metric on Semantic Nets},
  journal = 	 {IEEE Transactions on Systems, Man and Cybernetics},
  year = 	 1989,
  volume =	 19,
  number =	 1,
  pages =	 {17-30}
}

@Article{ChenLiu,
  author = 	 {K. J. Chen and S. H. Liu},
  title = 	 {Word Identification for Madarin Chinese sentences},
  journal = 	 {Proceedings of the Fifthteenth International Conference for Computational Linguistics},
  year = 	 1992
}

%cws-ACL03.pdf
@Article{sc,
  author = 	 {Jianfeng Gao and Mu Li and  Chang-Ning Huang},
  title = 	 {Improved Source-Channel Models for Chinese Word Segmentation},
  journal = 	 {},
  year = 	 2003
}

@Article{tbl,
  author = 	 {Lidia Mangu and Eric Brill},
  title = 	 {Automatic Rule Acquisition for Spelling Correction},
  journal = 	 {},
  year = 	 1997
}

@Article{palmer,
  author = 	 {David Palmer},
  title = 	 {A Trainable Rule-Based Algorithm for Word Segmentation},
  journal = 	 {Proceedings of the 35th Annual Meeting of the Association for Computational Linguistics},
  year = 	 1997
}

%0047-02.pdf
@Article{wordseg,
  author = 	 {Dinh Dien and Hoang Kiem and Nguyen Van Toan},
  title = 	 {Vietnamese Word Segmentation},
  journal = 	 {},
  year = 	 2002
}

@Book{knuth73,
  author =	 {D. E. Knuth},
  title = 	 {The Art of Computer Programming. Vol. 3: Sorting and Searching},
  publisher = 	 {Addison Wesley},
  year = 	 1973
}

@Article{hhmm,
  author = 	 {Shai Fine and Yoram Singer and Naftali Tishby},
  title = 	 {A Hierarchical Hidden Markov Model: Analysis and Applications},
  journal = 	 {Machine Learning},
  year = 	 1998,
  pages =	 {32-41}
}

%W03-1709.pdf
@Article{hhmm2,
  author = 	 {Hua-Ping Zhang and Qun Liu and Xue-Qi Cheng and Hao Zhang and Hong-Kui Yu},
  title = 	 {Chinese Lexical Analysis Using Hierarchical Hidden Markov Model},
  journal = 	 {},
  year = 	 2003
}

@Book{cg,
  author =	 {F. Lar;sspm and A. Voutilainen and J. Heikkila and A. Anttila},
  title = 	 {Constraint Grammar: a Language-Independant System for Parsing Unrestricted text},
  publisher = 	 {Berlin and New York: Mouton de Gruyter},
  year = 	 1994,
}

@MastersThesis{Tachtu,
  author = 	 {Nguyễn Văn Toàn and Nguyễn Thị Minh Hằng},
  title = 	 {Tách từ tiếng Việt},
  school = 	 {Đại học Khoa học Tự nhiên},
  year = 	 2001
}

